@article{Tfour,
	author = {N3K EN},
	title = {Multiplayer Checkers Tutorial #4 - Try Move - Unity 3D[Tutorial][C#]},
	journal = {YouTube},
	issue_date = {October 2016},
	month = Oct,
	year = {2016},
	url = {https://www.youtube.com/watch?v=z2QVD2n1fR8&list=PLLH3mUGkfFCVXrGLRxfhst7pffE9o2SQO&index=5},
}